<?xml version="1.0" encoding="UTF-8"?><record xmlns="http://www.loc.gov/MARC21/slim" xmlns:cinclude="http://apache.org/cocoon/include/1.0" xmlns:zs="http://www.loc.gov/zing/srw/">
  <leader>00420nz  a2200133n  4500</leader>
  <controlfield tag="001">n 2008219057</controlfield>
  <controlfield tag="003">DLC</controlfield>
  <controlfield tag="005">20080201080032.0</controlfield>
  <controlfield tag="008">080131n| acannaabn          |a aaa      </controlfield>
  <datafield tag="010" ind1=" " ind2=" ">
    <subfield code="a">n 2008219057</subfield>
  </datafield>
  <datafield tag="040" ind1=" " ind2=" ">
    <subfield code="a">DLC</subfield>
    <subfield code="b">eng</subfield>
    <subfield code="c">DLC</subfield>
  </datafield>
  <datafield tag="100" ind1="1" ind2=" ">
    <subfield code="a">Faz̤alyār, Faz̤al Hādī</subfield>
  </datafield>
  <datafield tag="400" ind1="0" ind2=" ">
    <subfield code="a">Faz̤al Hādī Faz̤alyār</subfield>
  </datafield>
  <datafield tag="670" ind1=" " ind2=" ">
    <subfield code="a">Faz̤alyār, Faz̤al Hādī. Pah stargo ke khapre, 1386 2007:</subfield>
    <subfield code="b">t.p. (Faza̤l Hādī Faza̤lyār)</subfield>
  </datafield>
</record>